<?xml version="1.0" encoding="UTF-8"?><collection xmlns="http://www.loc.gov/MARC21/slim"><record><leader>00389nam--2200157-i-4500</leader><controlfield tag="001">000015619</controlfield><controlfield tag="002">20161230</controlfield><controlfield tag="005">20170222004958</controlfield><controlfield tag="008">060222s1000------------r-----000-0-eng-d</controlfield><datafield ind1=" " ind2=" " tag="100"><subfield code="a">Borangiu, Theodor</subfield></datafield><datafield ind1=" " ind2=" " tag="245"><subfield code="a">Automate programabile</subfield></datafield><datafield ind1=" " ind2=" " tag="260"><subfield code="a">Bucuresti</subfield><subfield code="b">Editura Academiei Rsr</subfield><subfield code="c">1986</subfield></datafield><datafield ind1=" " ind2=" " tag="300"><subfield code="a">333 p</subfield></datafield><datafield ind1=" " ind2=" " tag="700"><subfield code="a">Dobrescu, Radu</subfield></datafield><datafield ind1=" " ind2=" " tag="852"><subfield code="a">681.5</subfield></datafield><datafield ind1=" " ind2=" " tag="CAT"><subfield code="a">SYS</subfield><subfield code="c">20170222</subfield><subfield code="h">004958</subfield></datafield></record></collection>